@ARTICLE{1997NewA....2..181A,
   author = {{Abel}, T. and {Anninos}, P. and {Zhang}, Y. and {Norman}, M.~L.
	},
    title = "{Modeling primordial gas in numerical cosmology}",
  journal = {\na},
   eprint = {astro-ph/9608040},
     year = 1997,
    month = aug,
   volume = 2,
    pages = {181-207},
      doi = {10.1016/S1384-1076(97)00010-9},
   adsurl = {http://adsabs.harvard.edu/abs/1997NewA....2..181A},
  adsnote = {Provided by the SAO/NASA Astrophysics Data System}
}

@ARTICLE{1997NewA....2..209A,
   author = {{Anninos}, P. and {Zhang}, Y. and {Abel}, T. and {Norman}, M.~L.
	},
    title = "{Cosmological hydrodynamics with multi-species chemistry and nonequilibrium ionization and cooling}",
  journal = {\na},
   eprint = {astro-ph/9608041},
     year = 1997,
    month = aug,
   volume = 2,
    pages = {209-224},
      doi = {10.1016/S1384-1076(97)00009-2},
   adsurl = {http://adsabs.harvard.edu/abs/1997NewA....2..209A},
  adsnote = {Provided by the SAO/NASA Astrophysics Data System}
}

@ARTICLE{2014ApJS..211...19B,
   author = {{Bryan}, G.~L. and {Norman}, M.~L. and {O'Shea}, B.~W. and {Abel}, T. and 
	{Wise}, J.~H. and {Turk}, M.~J. and {Reynolds}, D.~R. and {Collins}, D.~C. and 
	{Wang}, P. and {Skillman}, S.~W. and {Smith}, B. and {Harkness}, R.~P. and 
	{Bordner}, J. and {Kim}, J.-h. and {Kuhlen}, M. and {Xu}, H. and 
	{Goldbaum}, N. and {Hummels}, C. and {Kritsuk}, A.~G. and {Tasker}, E. and 
	{Skory}, S. and {Simpson}, C.~M. and {Hahn}, O. and {Oishi}, J.~S. and 
	{So}, G.~C. and {Zhao}, F. and {Cen}, R. and {Li}, Y. and {Enzo Collaboration}
	},
    title = "{ENZO: An Adaptive Mesh Refinement Code for Astrophysics}",
  journal = {\apjs},
archivePrefix = "arXiv",
   eprint = {1307.2265},
 primaryClass = "astro-ph.IM",
 keywords = {hydrodynamics, methods: numerical},
     year = 2014,
    month = apr,
   volume = 211,
      eid = {19},
    pages = {19},
      doi = {10.1088/0067-0049/211/2/19},
   adsurl = {http://adsabs.harvard.edu/abs/2014ApJS..211...19B},
  adsnote = {Provided by the SAO/NASA Astrophysics Data System}
}

@ARTICLE{2013RMxAA..49..137F,
   author = {{Ferland}, G.~J. and {Porter}, R.~L. and {van Hoof}, P.~A.~M. and 
	{Williams}, R.~J.~R. and {Abel}, N.~P. and {Lykins}, M.~L. and 
	{Shaw}, G. and {Henney}, W.~J. and {Stancil}, P.~C.},
    title = "{The 2013 Release of Cloudy}",
  journal = {\rmxaa},
archivePrefix = "arXiv",
   eprint = {1302.4485},
 primaryClass = "astro-ph.GA",
 keywords = {atomic processes, galaxies: active, methods: numerical, molecular processes, radiation mechanisms: general},
     year = 2013,
    month = apr,
   volume = 49,
    pages = {137-163},
   adsurl = {http://adsabs.harvard.edu/abs/2013RMxAA..49..137F},
  adsnote = {Provided by the SAO/NASA Astrophysics Data System}
}

@ARTICLE{2008MNRAS.385.1443S,
   author = {{Smith}, B. and {Sigurdsson}, S. and {Abel}, T.},
    title = "{Metal cooling in simulations of cosmic structure formation}",
  journal = {\mnras},
archivePrefix = "arXiv",
   eprint = {0706.0754},
 keywords = {methods: numerical , stars: formation},
     year = 2008,
    month = apr,
   volume = 385,
    pages = {1443-1454},
      doi = {10.1111/j.1365-2966.2008.12922.x},
   adsurl = {http://adsabs.harvard.edu/abs/2008MNRAS.385.1443S},
  adsnote = {Provided by the SAO/NASA Astrophysics Data System}
}

